@misc{wiki:strategy-pattern,
  author = "Wikipedia contributors",
  title = "Strategy pattern - Wikipedia",
  year = "2017",
  note = "\url{https://en.wikipedia.org/wiki/Strategy_pattern}, accessed 2017-12-13"
}
@misc{wiki:di,
  author = "Wikipedia contributors",
  title = "Dependency injection - Wikipedia",
  year = "2017",
  note= "\url{https://en.wikipedia.org/wiki/Dependency_injection}, accessed 2017-12-13"
}
@misc{github:rust-frameworks,
  author = "Markus Kohlhase",
  title = "Rust web framework comparison",
  year = 2017,
  note = "\url{https://github.com/flosse/rust-web-framework-comparison}, accessed 2017-11-1"
}
@misc{rocket,
  author = "Sergio Benitez and the Rocket authors",
  title = "Rocket - Simple, Fast, Type-Safe Web Framework for Rust",
  note = "\url{https://rocket.rs/}"
}
@misc{rust-ioc,
  title={rust-ioc},
  note={\url{https://github.com/KodrAus/rust-ioc}}
}
@misc{di-rs,
  title={di-rs},
  note={\url{https://github.com/Nercury/di-rs}}
}
@misc{hypospray,
  title={hypospray},
  note={\url{https://github.com/jonysy/hypospray}}
}
@misc{inceptor,
  title={Ownership-driven dependency injection for JavaScript },
  note={\url{https://www.npmjs.com/package/inceptor}}
}
@misc{github:tiny-http,
  title = "tiny-http - Low level HTTP server library in Rust",
  author = "Pierre Krieger and tiny-http contributors",
  note = "\url{https://github.com/tiny-http/tiny-http}"
}
